
%% Created for Jakob Suckale at 2007-09-06 11:30:44 +0200 


%% Saved with string encoding Unicode (UTF-8) 



@article{fragkiadaki2015recurrent,
  title={Recurrent network models for kinematic tracking},
  author={Fragkiadaki, Katerina and Levine, Sergey and Malik, Jitendra},
  journal={CoRR, abs/1508.00271},
  volume={1},
  number={2},
  pages={4},
  year={2015}
}

@article{martinez2017,
  author    = {Julieta Martinez and
               Michael J. Black and
               Javier Romero},
  title     = {On human motion prediction using recurrent neural networks},
  journal   = {CoRR},
  volume    = {abs/1705.02445},
  year      = {2017},
  url       = {http://arxiv.org/abs/1705.02445},
  eprinttype = {arXiv},
  eprint    = {1705.02445},
  timestamp = {Mon, 13 Aug 2018 16:46:39 +0200},
  biburl    = {https://dblp.org/rec/journals/corr/MartinezBR17.bib},
  bibsource = {dblp computer science bibliography, https://dblp.org}
}

@InProceedings{jain2016,
author = {Jain, Ashesh and Zamir, Amir R. and Savarese, Silvio and Saxena, Ashutosh},
title = {Structural-RNN: Deep Learning on Spatio-Temporal Graphs},
booktitle = {Proceedings of the IEEE Conference on Computer Vision and Pattern Recognition (CVPR)},
month = {June},
year = {2016}
}

@InProceedings{wang2019,
author = {Wang, Borui and Adeli, Ehsan and Chiu, Hsu-kuang and Huang, De-An and Niebles, Juan Carlos},
title = {Imitation Learning for Human Pose Prediction},
booktitle = {Proceedings of the IEEE/CVF International Conference on Computer Vision (ICCV)},
month = {October},
year = {2019}
}

@INPROCEEDINGS{chiu2019,
  author={Chiu, Hsu-Kuang and Adeli, Ehsan and Wang, Borui and Huang, De-An and Niebles, Juan Carlos},
  booktitle={2019 IEEE Winter Conference on Applications of Computer Vision (WACV)}, 
  title={Action-Agnostic Human Pose Forecasting}, 
  year={2019},
  volume={},
  number={},
  pages={1423-1432},
  doi={10.1109/WACV.2019.00156}}

@InProceedings{Mao2019,
author = {Mao, Wei and Liu, Miaomiao and Salzmann, Mathieu and Li, Hongdong},
title = {Learning Trajectory Dependencies for Human Motion Prediction},
booktitle = {Proceedings of the IEEE/CVF International Conference on Computer Vision (ICCV)},
month = {October},
year = {2019}
}

@InProceedings{Sofianos2021,
    author    = {Sofianos, Theodoros and Sampieri, Alessio and Franco, Luca and Galasso, Fabio},
    title     = {Space-Time-Separable Graph Convolutional Network for Pose Forecasting},
    booktitle = {Proceedings of the IEEE/CVF International Conference on Computer Vision (ICCV)},
    month     = {October},
    year      = {2021},
    pages     = {11209-11218}
}

@misc{motionmixer2022,
  doi = {10.48550/ARXIV.2207.00499},
  
  url = {https://arxiv.org/abs/2207.00499},
  
  author = {Bouazizi, Arij and Holzbock, Adrian and Kressel, Ulrich and Dietmayer, Klaus and Belagiannis, Vasileios},
  
  keywords = {Computer Vision and Pattern Recognition (cs.CV), Machine Learning (cs.LG), FOS: Computer and information sciences, FOS: Computer and information sciences},
  
  title = {MotionMixer: MLP-based 3D Human Body Pose Forecasting},
  
  publisher = {arXiv},
  
  year = {2022},
  
  copyright = {arXiv.org perpetual, non-exclusive license}
}


@InProceedings{wang2021,
    author    = {Wang, Chenxi and Wang, Yunfeng and Huang, Zixuan and Chen, Zhiwen},
    title     = {Simple Baseline for Single Human Motion Forecasting},
    booktitle = {Proceedings of the IEEE/CVF International Conference on Computer Vision (ICCV) Workshops},
    month     = {October},
    year      = {2021},
    pages     = {2260-2265}
}

@misc{mathieu2015,
  doi = {10.48550/ARXIV.1511.05440},
  
  url = {https://arxiv.org/abs/1511.05440},
  
  author = {Mathieu, Michael and Couprie, Camille and LeCun, Yann},
  
  keywords = {Machine Learning (cs.LG), Computer Vision and Pattern Recognition (cs.CV), Machine Learning (stat.ML), FOS: Computer and information sciences, FOS: Computer and information sciences},
  
  title = {Deep multi-scale video prediction beyond mean square error},
  
  publisher = {arXiv},
  
  year = {2015},
  
  copyright = {arXiv.org perpetual, non-exclusive license}
}

@article{neo2020,
  author    = {Neo Wu and
               Bradley Green and
               Xue Ben and
               Shawn O'Banion},
  title     = {Deep Transformer Models for Time Series Forecasting: The Influenza
               Prevalence Case},
  journal   = {CoRR},
  volume    = {abs/2001.08317},
  year      = {2020},
  url       = {https://arxiv.org/abs/2001.08317},
  eprinttype = {arXiv},
  eprint    = {2001.08317},
  timestamp = {Thu, 14 Oct 2021 09:14:55 +0200},
  biburl    = {https://dblp.org/rec/journals/corr/abs-2001-08317.bib},
  bibsource = {dblp computer science bibliography, https://dblp.org}
}

@inproceedings{vaswani2017,
 author = {Vaswani, Ashish and Shazeer, Noam and Parmar, Niki and Uszkoreit, Jakob and Jones, Llion and Gomez, Aidan N and Kaiser, \L ukasz and Polosukhin, Illia},
 booktitle = {Advances in Neural Information Processing Systems},
 editor = {I. Guyon and U. Von Luxburg and S. Bengio and H. Wallach and R. Fergus and S. Vishwanathan and R. Garnett},
 pages = {},
 publisher = {Curran Associates, Inc.},
 title = {Attention is All you Need},
 url = {https://proceedings.neurips.cc/paper/2017/file/3f5ee243547dee91fbd053c1c4a845aa-Paper.pdf},
 volume = {30},
 year = {2017}
}

@InProceedings{zanfir2018,
author = {Zanfir, Andrei and Marinoiu, Elisabeta and Sminchisescu, Cristian},
title = {Monocular 3D Pose and Shape Estimation of Multiple People in Natural Scenes - The Importance of Multiple Scene Constraints},
booktitle = {Proceedings of the IEEE Conference on Computer Vision and Pattern Recognition (CVPR)},
month = {June},
year = {2018}
}

@InProceedings{iskakov2019,
author = {Iskakov, Karim and Burkov, Egor and Lempitsky, Victor and Malkov, Yury},
title = {Learnable Triangulation of Human Pose},
booktitle = {Proceedings of the IEEE/CVF International Conference on Computer Vision (ICCV)},
month = {October},
year = {2019}
}

@ARTICLE{human3.6m,
  author={Ionescu, Catalin and Papava, Dragos and Olaru, Vlad and Sminchisescu, Cristian},
  journal={IEEE Transactions on Pattern Analysis and Machine Intelligence}, 
  title={Human3.6M: Large Scale Datasets and Predictive Methods for 3D Human Sensing in Natural Environments}, 
  year={2014},
  volume={36},
  number={7},
  pages={1325-1339},
  doi={10.1109/TPAMI.2013.248}}


@InProceedings{Cao2017,
author = {Cao, Zhe and Simon, Tomas and Wei, Shih-En and Sheikh, Yaser},
title = {Realtime Multi-Person 2D Pose Estimation Using Part Affinity Fields},
booktitle = {Proceedings of the IEEE Conference on Computer Vision and Pattern Recognition (CVPR)},
month = {July},
year = {2017}
}

@inproceedings{sutskever2014,
 author = {Sutskever, Ilya and Vinyals, Oriol and Le, Quoc V},
 booktitle = {Advances in Neural Information Processing Systems},
 editor = {Z. Ghahramani and M. Welling and C. Cortes and N. Lawrence and K.Q. Weinberger},
 pages = {},
 publisher = {Curran Associates, Inc.},
 title = {Sequence to Sequence Learning with Neural Networks},
 url = {https://proceedings.neurips.cc/paper/2014/file/a14ac55a4f27472c5d894ec1c3c743d2-Paper.pdf},
 volume = {27},
 year = {2014}
}

@InProceedings{Zhao2019,
author = {Zhao, Long and Peng, Xi and Tian, Yu and Kapadia, Mubbasir and Metaxas, Dimitris N.},
title = {Semantic Graph Convolutional Networks for 3D Human Pose Regression},
booktitle = {Proceedings of the IEEE/CVF Conference on Computer Vision and Pattern Recognition (CVPR)},
month = {June},
year = {2019}
}

@InProceedings{Pavllo2019,
author = {Pavllo, Dario and Feichtenhofer, Christoph and Grangier, David and Auli, Michael},
title = {3D Human Pose Estimation in Video With Temporal Convolutions and Semi-Supervised Training},
booktitle = {Proceedings of the IEEE/CVF Conference on Computer Vision and Pattern Recognition (CVPR)},
month = {June},
year = {2019}
}

@inproceedings{vonMarcard2018,
    title = {Recovering Accurate 3D Human Pose in The Wild Using IMUs and a Moving Camera},
    author = {von Marcard, Timo and Henschel, Roberto and Black, Michael and Rosenhahn, Bodo and Pons-Moll, Gerard},
    booktitle = {European Conference on Computer Vision (ECCV)},
    year = {2018},
    month = {sep}
    }
    
@article{posetrack,
  author    = {Mykhaylo Andriluka and
               Umar Iqbal and
               Anton Milan and
               Eldar Insafutdinov and
               Leonid Pishchulin and
               Juergen Gall and
               Bernt Schiele},
  title     = {PoseTrack: {A} Benchmark for Human Pose Estimation and Tracking},
  journal   = {CoRR},
  volume    = {abs/1710.10000},
  year      = {2017},
  url       = {http://arxiv.org/abs/1710.10000},
  eprinttype = {arXiv},
  eprint    = {1710.10000},
  timestamp = {Mon, 13 Aug 2018 16:48:47 +0200},
  biburl    = {https://dblp.org/rec/journals/corr/abs-1710-10000.bib},
  bibsource = {dblp computer science bibliography, https://dblp.org}
}


@conference{AMASS2019,
  title = {{AMASS}: Archive of Motion Capture as Surface Shapes},
  author = {Mahmood, Naureen and Ghorbani, Nima and Troje, Nikolaus F. and Pons-Moll, Gerard and Black, Michael J.},
  booktitle = {International Conference on Computer Vision},
  pages = {5442--5451},
  month = oct,
  year = {2019},
  month_numeric = {10}
}

@article{visionTransformer,
  author    = {Alexey Dosovitskiy and
               Lucas Beyer and
               Alexander Kolesnikov and
               Dirk Weissenborn and
               Xiaohua Zhai and
               Thomas Unterthiner and
               Mostafa Dehghani and
               Matthias Minderer and
               Georg Heigold and
               Sylvain Gelly and
               Jakob Uszkoreit and
               Neil Houlsby},
  title     = {An Image is Worth 16x16 Words: Transformers for Image Recognition
               at Scale},
  journal   = {CoRR},
  volume    = {abs/2010.11929},
  year      = {2020},
  url       = {https://arxiv.org/abs/2010.11929},
  eprinttype = {arXiv},
  eprint    = {2010.11929},
  timestamp = {Fri, 20 Nov 2020 14:04:05 +0100},
  biburl    = {https://dblp.org/rec/journals/corr/abs-2010-11929.bib},
  bibsource = {dblp computer science bibliography, https://dblp.org}
}

@article{XNect,
  author    = {Dushyant Mehta and
               Oleksandr Sotnychenko and
               Franziska Mueller and
               Weipeng Xu and
               Mohamed Elgharib and
               Pascal Fua and
               Hans{-}Peter Seidel and
               Helge Rhodin and
               Gerard Pons{-}Moll and
               Christian Theobalt},
  title     = {XNect: Real-time Multi-person 3D Human Pose Estimation with a Single
               {RGB} Camera},
  journal   = {CoRR},
  volume    = {abs/1907.00837},
  year      = {2019},
  url       = {http://arxiv.org/abs/1907.00837},
  eprinttype = {arXiv},
  eprint    = {1907.00837},
  timestamp = {Tue, 24 Sep 2019 15:40:55 +0200},
  biburl    = {https://dblp.org/rec/journals/corr/abs-1907-00837.bib},
  bibsource = {dblp computer science bibliography, https://dblp.org}
}

@article{vitae,
  title={Vitae: Vision transformer advanced by exploring intrinsic inductive bias},
  author={Xu, Yufei and Zhang, Qiming and Zhang, Jing and Tao, Dacheng},
  journal={Advances in Neural Information Processing Systems},
  volume={34},
  year={2021}
}

@article{vitaev2,
  title={ViTAEv2: Vision Transformer Advanced by Exploring Inductive Bias for Image Recognition and Beyond},
  author={Zhang, Qiming and Xu, Yufei and Zhang, Jing and Tao, Dacheng},
  journal={arXiv preprint arXiv:2202.10108},
  year={2022}
}

@article{overview-autonomous,
title = {An overview of sensors in Autonomous Vehicles},
journal = {Procedia Computer Science},
volume = {198},
pages = {736-741},
year = {2022},
note = {12th International Conference on Emerging Ubiquitous Systems and Pervasive Networks / 11th International Conference on Current and Future Trends of Information and Communication Technologies in Healthcare},
issn = {1877-0509},
doi = {https://doi.org/10.1016/j.procs.2021.12.315},
url = {https://www.sciencedirect.com/science/article/pii/S1877050921025540},
author = {Henry Alexander Ignatious and Hesham-El- Sayed and Manzoor Khan},
keywords = {Autonomous Vehicles (AVs), Autonomous Driving (AD), sensors, LiDAR, RADAR, Intelligent Transportation System (ITS)}
}

@INPROCEEDINGS{sensor-heavyvehicle,
  author={Yeong, De Jong and Barry, John and Walsh, Joseph},
  booktitle={2020 31st Irish Signals and Systems Conference (ISSC)}, 
  title={A Review of Multi-Sensor Fusion System for Large Heavy Vehicles Off Road in Industrial Environments}, 
  year={2020},
  volume={},
  number={},
  pages={1-6},
  doi={10.1109/ISSC49989.2020.9180186}}


@misc{sensor,
  author = {www.robotiksistem.com},
  title = {{What is a sensor?}},
  howpublished = "\url{http://www.robotiksistem.com/robot_sensors.html}",
  year = {2009-2019}, 
  note = "[Online; accessed 11-September-2022]"
}

@article{ultrasonic_sensor,
  title={An ultrasonic sensor for distance measurement in automotive applications},
  author={Carullo, Alessio and Parvis, Marco},
  journal={IEEE Sensors journal},
  volume={1},
  number={2},
  pages={143},
  year={2001}
}


@article{adam_optimizer,
  title={Adam: A method for stochastic optimization},
  author={Kingma, Diederik P and Ba, Jimmy},
  journal={arXiv preprint arXiv:1412.6980},
  year={2014}
}

@InProceedings{Li_2018,
author = {Li, Chen and Zhang, Zhen and Lee, Wee Sun and Lee, Gim Hee},
title = {Convolutional Sequence to Sequence Model for Human Dynamics},
booktitle = {Proceedings of the IEEE Conference on Computer Vision and Pattern Recognition (CVPR)},
month = {June},
year = {2018}
}

@InProceedings{Mao2020,
author="Mao, Wei
and Liu, Miaomiao
and Salzmann, Mathieu",
editor="Vedaldi, Andrea
and Bischof, Horst
and Brox, Thomas
and Frahm, Jan-Michael",
title="History Repeats Itself: Human Motion Prediction via Motion Attention",
booktitle="Computer Vision -- ECCV 2020",
year="2020",
publisher="Springer International Publishing",
address="Cham",
pages="474--489",
}


@article{mao2021multi,
  title={Multi-level motion attention for human motion prediction},
  author={Mao, Wei and Liu, Miaomiao and Salzmann, Mathieu and Li, Hongdong},
  journal={International Journal of Computer Vision},
  volume={129},
  number={9},
  pages={2513--2535},
  year={2021},
  publisher={Springer}
}


@article{jaciii_3dpose,
	title={Multi-View 3D Human Pose Tracking Based on Evolutionary Robot Vision},
	author={Wei Quan and Naoyuki Kubota},
	journal={Journal of Advanced Computational Intelligence and Intelligent Informatics},
	volume={25},
	number={4},
	pages={432-441},
	year={2021},
	doi={10.20965/jaciii.2021.p0432}
}

@article{jaciii_gait,
	title={Cross-View Gait Recognition Based on Dual-Stream Network},
	author={Xiaoyan Zhao and Wenjing Zhang and Tianyao Zhang and Zhaohui Zhang},
	journal={Journal of Advanced Computational Intelligence and Intelligent Informatics},
	volume={25},
	number={5},
	pages={671-678},
	year={2021},
	doi={10.20965/jaciii.2021.p0671}
}

@Article{motion_tracking,
AUTHOR = {Ribeiro, Pedro Manuel Santos and Matos, Ana Clara and Santos, Pedro Henrique and Cardoso, Jaime S.},
TITLE = {Machine Learning Improvements to Human Motion Tracking with IMUs},
JOURNAL = {Sensors},
VOLUME = {20},
YEAR = {2020},
NUMBER = {21},
ARTICLE-NUMBER = {6383},
URL = {https://www.mdpi.com/1424-8220/20/21/6383},
ISSN = {1424-8220},
DOI = {10.3390/s20216383}
}



@article{bert_understanding,
  author    = {Ilias Chalkidis and
               Abhik Jana and
               Dirk Hartung and
               Michael J. Bommarito II and
               Ion Androutsopoulos and
               Daniel Martin Katz and
               Nikolaos Aletras},
  title     = {LexGLUE: {A} Benchmark Dataset for Legal Language Understanding in
               English},
  journal   = {CoRR},
  volume    = {abs/2110.00976},
  year      = {2021},
  url       = {https://arxiv.org/abs/2110.00976},
  eprinttype = {arXiv},
  eprint    = {2110.00976},
  timestamp = {Fri, 08 Oct 2021 15:47:55 +0200},
  biburl    = {https://dblp.org/rec/journals/corr/abs-2110-00976.bib},
  bibsource = {dblp computer science bibliography, https://dblp.org}
}

@inproceedings{bert-aggression,
    title = "Aggression and Misogyny Detection using {BERT}: A Multi-Task Approach",
    author = "Safi Samghabadi, Niloofar  and
      Patwa, Parth  and
      PYKL, Srinivas  and
      Mukherjee, Prerana  and
      Das, Amitava  and
      Solorio, Thamar",
    booktitle = "Proceedings of the Second Workshop on Trolling, Aggression and Cyberbullying",
    month = may,
    year = "2020",
    address = "Marseille, France",
    publisher = "European Language Resources Association (ELRA)",
    url = "https://aclanthology.org/2020.trac-1.20",
    pages = "126--131",
    language = "English",
    ISBN = "979-10-95546-56-6",
}

@inproceedings{mobilevit,
     title={MobileViT: Light-weight, General-purpose, and Mobile-friendly Vision Transformer},
     author={Sachin Mehta and Mohammad Rastegari},
     booktitle={International Conference on Learning Representations},
     year={2022}
}

@InProceedings{autonomous_driving,
author="Hu, Shengchao
and Chen, Li
and Wu, Penghao
and Li, Hongyang
and Yan, Junchi
and Tao, Dacheng",
editor="Avidan, Shai
and Brostow, Gabriel
and Ciss{\'e}, Moustapha
and Farinella, Giovanni Maria
and Hassner, Tal",
title="ST-P3: End-to-End Vision-Based Autonomous Driving via Spatial-Temporal Feature Learning",
booktitle="Computer Vision -- ECCV 2022",
year="2022",
publisher="Springer Nature Switzerland",
address="Cham",
pages="533--549",
isbn="978-3-031-19839-7"
}

@ARTICLE{autonomous_driving_road,
  author={Singh, Gurkirt and Akrigg, Stephen and Maio, Manuele Di and Fontana, Valentina and Alitappeh, Reza Javanmard and Khan, Salman and Saha, Suman and Jeddisaravi, Kossar and Yousefi, Farzad and Culley, Jacob and Nicholson, Tom and Omokeowa, Jordan and Grazioso, Stanislao and Bradley, Andrew and Gironimo, Giuseppe Di and Cuzzolin, Fabio},
  journal={IEEE Transactions on Pattern Analysis and Machine Intelligence}, 
  title={ROAD: The Road Event Awareness Dataset for Autonomous Driving}, 
  year={2023},
  volume={45},
  number={1},
  pages={1036-1054},
  doi={10.1109/TPAMI.2022.3150906}}


@Article{autonomous_robot_nature,
author={Aubin, Cameron A.
and Gorissen, Benjamin
and Milana, Edoardo
and Buskohl, Philip R.
and Lazarus, Nathan
and Slipher, Geoffrey A.
and Keplinger, Christoph
and Bongard, Josh
and Iida, Fumiya
and Lewis, Jennifer A.
and Shepherd, Robert F.},
title={Towards enduring autonomous robots via embodied energy},
journal={Nature},
year={2022},
month={Feb},
day={01},
volume={602},
number={7897},
pages={393-402},
issn={1476-4687},
doi={10.1038/s41586-021-04138-2},
url={https://doi.org/10.1038/s41586-021-04138-2}
}

@article{tang2018long,
  title={Long-term human motion prediction by modeling motion context and enhancing motion dynamic},
  author={Tang, Yongyi and Ma, Lin and Liu, Wei and Zheng, Weishi},
  journal={arXiv preprint arXiv:1805.02513},
  year={2018}
}

@inproceedings{wu2018real,
  title={Real-time human motion forecasting using a rgb camera},
  author={Wu, Erwin and Koike, Hideki},
  booktitle={Proceedings of the 24th ACM Symposium on Virtual Reality Software and Technology},
  pages={1--2},
  year={2018}
}

@article{graves2013generating,
  title={Generating sequences with recurrent neural networks},
  author={Graves, Alex},
  journal={arXiv preprint arXiv:1308.0850},
  year={2013}
}

@article{che2018recurrent,
  title={Recurrent neural networks for multivariate time series with missing values},
  author={Che, Zhengping and Purushotham, Sanjay and Cho, Kyunghyun and Sontag, David and Liu, Yan},
  journal={Scientific reports},
  volume={8},
  number={1},
  pages={6085},
  year={2018},
  publisher={Nature Publishing Group UK London}
}

@inproceedings{akita2016deep,
  title={Deep learning for stock prediction using numerical and textual information},
  author={Akita, Ryo and Yoshihara, Akira and Matsubara, Takashi and Uehara, Kuniaki},
  booktitle={2016 IEEE/ACIS 15th International Conference on Computer and Information Science (ICIS)},
  pages={1--6},
  year={2016},
  organization={IEEE}
}

@article{hochreiter1997long,
  title={Long short-term memory},
  author={Hochreiter, Sepp and Schmidhuber, J{\"u}rgen},
  journal={Neural computation},
  volume={9},
  number={8},
  pages={1735--1780},
  year={1997},
  publisher={MIT press}
}

@article{singh2021kalman,
  title={Kalman filter based short term prediction model for COVID-19 spread},
  author={Singh, Koushlendra Kumar and Kumar, Suraj and Dixit, Prachi and Bajpai, Manish Kumar},
  journal={Applied Intelligence},
  volume={51},
  number={5},
  pages={2714--2726},
  year={2021},
  publisher={Springer}
}

@inproceedings{yunus2020time,
  title={Time series human motion prediction using RGB camera and OpenPose},
  author={YUNUS, Andi Prademon and SHIRAI, Nobu C and MORITA, Kento and WAKABAYASHI, Tetsushi},
  booktitle={International Symposium on Affective Science and Engineering ISASE2020},
  pages={1--4},
  year={2020},
  organization={Japan Society of Kansei Engineering}
}

@article{kruusamaehuman,
  title={Human detection and distance estimation with monocular camera using YOLOv3 neural network},
  author={Kruusam{\"a}e, Karl and Tammeveski, Lauri},
  year={2019},
  booktitle={Master’s Thesis UNIVERSITY OF TARTU}
}

@inproceedings{redmon2016you,
  title={You only look once: Unified, real-time object detection},
  author={Redmon, Joseph and Divvala, Santosh and Girshick, Ross and Farhadi, Ali},
  booktitle={Proceedings of the IEEE conference on computer vision and pattern recognition},
  pages={779--788},
  year={2016}
}

@article{kalmanfilter,
  title={Understanding the Kalman filter},
  author={Meinhold, Richard J and Singpurwalla, Nozer D},
  journal={The American Statistician},
  volume={37},
  number={2},
  pages={123--127},
  year={1983},
  publisher={Taylor \& Francis}
}

@article{rnn,
  title={Recurrent neural networks},
  author={Medsker, Larry R and Jain, LC},
  journal={Design and Applications},
  volume={5},
  pages={64--67},
  year={2001}
}

@article{Yunus_2022,
doi = {10.1088/1742-6596/2319/1/012034},
url = {https://dx.doi.org/10.1088/1742-6596/2319/1/012034},
year = {2022},
month = {aug},
publisher = {IOP Publishing},
volume = {2319},
number = {1},
pages = {012034},
author = {Andi Prademon Yunus and Nobu C Shirai and Kento Morita and Tetsushi Wakabayashi},
title = {Comparison of RNN-LSTM and Kalman Filter Based Time Series Human Motion Prediction},
journal = {Journal of Physics: Conference Series},
}


@article{GRU,
  title={Empirical evaluation of gated recurrent neural networks on sequence modeling},
  author={Chung, Junyoung and Gulcehre, Caglar and Cho, KyungHyun and Bengio, Yoshua},
  journal={arXiv preprint arXiv:1412.3555},
  year={2014}
}

@article{lstm,
  title={Long short-term memory},
  author={Hochreiter, Sepp and Schmidhuber, J{\"u}rgen},
  journal={Neural computation},
  volume={9},
  number={8},
  pages={1735--1780},
  year={1997},
  publisher={MIT press}
}

@inproceedings{msr-gcn,
  title={Msr-gcn: Multi-scale residual graph convolution networks for human motion prediction},
  author={Dang, Lingwei and Nie, Yongwei and Long, Chengjiang and Zhang, Qing and Li, Guiqing},
  booktitle={Proceedings of the IEEE/CVF International Conference on Computer Vision},
  pages={11467--11476},
  year={2021}
}

@article{yunus2023time,
  title={Time Series Self-Attention Approach for Human Motion Forecasting: A Baseline 2D Pose Forecasting},
  author={Yunus, Andi Prademon and Morita, Kento and Shirai, Nobu C and Wakabayashi, Tetsushi},
  journal={Journal of Advanced Computational Intelligence and Intelligent Informatics},
  volume={27},
  number={3},
  pages={445--457},
  year={2023},
  publisher={Fuji Technology Press Ltd.}
}